%%% specular highlights

@inproceedings{stoyanov2005removing,
    title={Removing specular reflection components for robotic assisted laparoscopic surgery},
    author={Stoyanov, Danail and Yang, Guang Zhong},
    booktitle={Image Processing, 2005. ICIP 2005. IEEE International Conference on},
    volume={3},
    pages={III--632},
    year={2005},
    organization={IEEE}
}

@article{saint2011detection,
    title={Detection and correction of specular reflections for automatic surgical tool segmentation in thoracoscopic images},
    author={Saint-Pierre, Charles-Auguste and Boisvert, Jonathan and Grimard, Guy and Cheriet, Farida},
    journal={Machine Vision and Applications},
    volume={22},
    number={1},
    pages={171--180},
    year={2011},
    publisher={Springer}
}

@inproceedings{wolf2011tracking,
    title={3D tracking of laparoscopic instruments using statistical and geometric modeling},
    author={Wolf, R{\'e}mi and Duchateau, Josselin and Cinquin, Philippe and Voros, Sandrine},
    booktitle={International Conference on Medical Image Computing and Computer-Assisted Intervention},
    pages={203--210},
    year={2011},
    organization={Springer}
}

@inproceedings{prokopetc2015segmentation,
    title={Automatic detection of the uterus and fallopian tube junctions in laparoscopic images},
    author={Prokopetc, Kristina and Collins, Toby and Bartoli, Adrien},
    booktitle={International Conference on Information Processing in Medical Imaging},
    pages={552--563},
    year={2015},
    organization={Springer}
}

@article{voros2007segmentation,
    title={Automatic detection of instruments in laparoscopic images: A first step towards high-level command of robotic endoscopic holders},
    author={Voros, Sandrine and Long, Jean-Alexandre and Cinquin, Philippe},
    journal={The International Journal of Robotics Research},
    volume={26},
    number={11-12},
    pages={1173--1190},
    year={2007},
    publisher={Sage Publications Sage UK: London, England}
}

@article{arnold2010speckle,
    title={Automatic segmentation and inpainting of specular highlights for endoscopic imaging},
    author={Arnold, Mirko and Ghosh, Anarta and Ameling, Stefan and Lacey, Gerard},
    journal={EURASIP Journal on Image and Video Processing},
    volume={2010},
    number={1},
    pages={814319},
    year={2010},
    publisher={Springer International Publishing}
}



%%% Surgical smoke

@article{barrett2003surgical,
    title={Surgical smoke: a review of the literature},
    author={Barrett, William L and Garber, Shawn M},
    journal={Surgical endoscopy},
    volume={17},
    number={6},
    pages={979--987},
    year={2003},
    publisher={Springer}
}